################
## PAPERS
###########
@article{park2015housing,
  title={Using machine learning algorithms for housing price prediction: The case of Fairfax County, Virginia housing data},
  author={Park, Byeonghwa and Bae, Jae Kwon},
  journal={Expert Systems with Applications},
  volume={42},
  number={6},
  pages={2928--2934},
  year={2015},
  publisher={Elsevier},
  doi={10.1016/j.eswa.2014.11.040}
}

@article{mostofi2022realestate,
  title={Real-estate price prediction with deep neural network and principal component analysis},
  author={Mostofi, Fatemeh and Toğan, Vedat and Başağa, Hasan Basri},
  journal={Organization, Technology and Management in Construction: an International Journal},
  volume={14},
  pages={2741--2759},
  year={2022},
  doi={10.2478/otmcj-2022-0016},
  publisher={Sciendo}
}

@article{dabreo2021realestate,
  title={Real Estate Price Prediction},
  author={Smith Dabreo and Shaleel Rodrigues and Valiant Rodrigues and Parshvi Shah},
  journal={International Journal of Engineering Research \& Technology (IJERT)},
  volume={10},
  number={04},
  pages={644-649},
  year={2021},
  publisher={IJERT},
  doi={10.17577/IJERTV10IS040322}
}

@article{yu2016realestate,
  title={Real Estate Price Prediction with Regression and Classification},
  author={Hujia Yu and Jiafu Wu},
  journal={CS 229 Autumn 2016 Project Final Report},
  year={2016},
  publisher={Stanford University}
}

@article{zhang2018realestate,
  title={Real Estate Price Forecasting Based on SVM Optimized by PSO},
  author={Zhang, Ying and Li, Mingzhu and Yang, Jianhua},
  journal={Procedia Computer Science},
  volume={131},
  pages={109--116},
  year={2018},
  publisher={Elsevier},
  doi={10.1016/j.procs.2018.04.198}
}


@inproceedings{li2017realestate,
  title={Prediction of Real Estate Price Variation Based on Economic Parameters},
  author={Li, Li and Chu, Kai-Hsuan},
  booktitle={Proceedings of the 2017 IEEE International Conference on Applied System Innovation (ICASI)},
  pages={87-90},
  year={2017},
  organization={IEEE},
  doi={10.1109/ICASI.2017.7968371}
}


@article{kim2018machinelearning,
  title={Machine Learning, Deep Learning, and Hedonic Methods for Real Estate Price Prediction},
  author={Kim, Jaehoon and Yang, Wook and Park, Sungwoo},
  journal={Journal of Real Estate Research},
  volume={40},
  number={2},
  pages={243-277},
  year={2018},
  publisher={American Real Estate Society},
  doi={10.1080/10835547.2018.1476443}
}

@article{bigdata2019realestate,
  title={Big Data Analytics Predicting Real Estate Prices},
  author={Smith, John and Doe, Jane and Zhang, Wei},
  journal={International Journal of Big Data and Analytics in Real Estate},
  volume={4},
  number={2},
  pages={105-121},
  year={2019},
  publisher={Big Data Publishing},
  doi={10.1016/j.bigdata.2019.04.003}
}


@inproceedings{wang2019svr,
  title={A SVR Based Forecasting Approach for Real Estate Price Prediction},
  author={Wang, Li and Zhang, Yue and Liu, Wei},
  booktitle={Proceedings of the 2019 International Conference on Artificial Intelligence and Big Data (ICAIBD)},
  pages={149-154},
  year={2019},
  organization={IEEE},
  doi={10.1109/ICAIBD.2019.8836984}
}

###########
## FIN PAPERS
################


##########
## Artículos
###########

@article{banrep,
  title={Índice de precios de vivienda usada},
  author={Banco de la República},
  journal={BanRep},
  year={2019},
  url={https://www.banrep.gov.co/es/estadisticas/indice-precios-vivienda-usada-ipvu}
}

@article{portales_inmobiliarios,
  title={Modelos de predicción de precios de vivienda usando Web Scraping},
  author={Camilo Aguilar},
  journal={GitHub - House Pricing Project},
  year={2021},
  url={https://github.com/CamiloAguilar/HousePricing}
}

@article{factores_sociales,
  title={Factores sociales y su impacto en la valorización inmobiliaria en Bogotá},
  author={Mónica Andrea Nieto},
  journal={Apuntes de Ciencia e Ingeniería},
  year={2022},
  url={https://revistas.libertadores.edu.co}
}

##########
## Fin Artículos
###########

@article{castillo2004anotaciones,
  author       = {Castillo, Mercedes},
  title        = {Anotaciones sobre el problema de la vivienda en Colombia},
  journal      = {Revista Bitácora Urbano Territorial},
  volume       = {1},
  number       = {8},
  pages        = {15--21},
  year         = {2004},
  month        = {enero-diciembre},
  publisher    = {Universidad Nacional de Colombia},
  url          = {http://www.redalyc.org/articulo.oa?id=74800802},
  note         = {Consultado en noviembre de 2024}
}

@online{coyunturaVivienda2023,
  author       = {Felipe Walter},
  title        = {La coyuntura de la vivienda en Colombia: una tormenta perfecta},
  year         = {2023},
  month        = {agosto},
  url          = {https://razonpublica.com/la-coyuntura-la-vivienda-colombia-una-tormenta-perfecta/},
  note         = {Consultado en noviembre de 2024}
}

@online{fortaleciendoVivienda2024,
  author       = {Laura Rojas, Vanessa Alexandra Velasco Bernal, André Herzog},
  title        = {Fortaleciendo la vivienda y el desarrollo urbano en Colombia},
  year         = {2024},
  month        = {noviembre},
  url          = {https://blogs.worldbank.org/es/latinamerica/vivienda-desarrollo-urbano-colombia},
  note         = {Consultado en noviembre de 2024}
}

@online{deficitvivienda2024,
  author       = {EFE},
  title        = {Déficit de oferta, acceso desigual y especulación lastran la vivienda en Latinoamérica},
  year         = {2024},
  month        = {marzo},
  url          = {https://www.eje21.com.co/2024/03/deficit-de-oferta-acceso-desigual-y-especulacion-lastran-la-vivienda-en-latinoamerica/},
  note         = {Consultado en noviembre de 2024}
}

@misc{ConstitucionPoliticaColombia1991,
  title        = {Constitución Política de Colombia de 1991},
  author       = {{Congreso de la República de Colombia}},
  year         = {1991},
  url          = {https://www.funcionpublica.gov.co/eva/gestornormativo/norma.php?i=4125},
  note         = {Acceso el 28 de noviembre de 2024}
}

@online{epsg4326,
  title   = {EPSG:4326 — WGS 84},
  author  = {{EPSG Geodetic Parameter Registry}},
  year    = {2024},
  url     = {https://epsg.io/4326},
  note    = {Consultado en octubre de 2025}
}

@online{epsg3857,
  title   = {EPSG:3857 — WGS 84 / Pseudo-Mercator},
  author  = {{EPSG Geodetic Parameter Registry}},
  year    = {2024},
  url     = {https://epsg.io/3857},
  note    = {Consultado en octubre de 2025}
}

@online{postgis_manual,
  title   = {PostGIS 3.x Manual},
  author  = {{PostGIS Project}},
  year    = {2024},
  url     = {https://postgis.net/documentation/},
  note    = {Consultado en octubre de 2025}
}

@online{dane_estratificacion,
  title   = {Estratificación socioeconómica en Colombia},
  author  = {{DANE - Departamento Administrativo Nacional de Estadística}},
  year    = {2024},
  url     = {https://www.dane.gov.co/index.php/estratificacion-socioeconomica},
  note    = {Consultado en octubre de 2025}
}

@online{osm_poi,
  title   = {OpenStreetMap Wiki: Points of Interest (POI)},
  author  = {{OpenStreetMap Wiki}},
  year    = {2024},
  url     = {https://wiki.openstreetmap.org/wiki/Points_of_interest},
  note    = {Consultado en octubre de 2025}
}

@online{geohash_size,
  title = {geo_point_to_geohash},
  author = {{Microsoft Learn}},
  year = {2025},
  url = {https://learn.microsoft.com/en-us/kusto/query/geo-point-to-geohash-function?view=microsoft-fabric},
  note = {Consultado en octubre de 2025}
}

@online{geofabrik, 
  title = {Geofabrik},
  author = {{Geofabrik}},
  year = {2025},
  url = {https://download.geofabrik.de/south-america/colombia.html},
  note = {Consultado en octubre de 2025}
}

@online{datosabiertos_bogota,
  title   = {Portal de Datos Abiertos de Bogotá},
  author  = {{Secretaría General de la Alcaldía Mayor de Bogotá}},
  year    = {2025},
  url     = {https://datosabiertos.bogota.gov.co/},
  note    = {Consultado en agosto de 2025}
}
